A0000000012003215299054302230081510
D00000000220032152990543439000003913102230508152003200367185    0000000000000000000000000Audet FinancemeJacqueline Girard             Audet Financement inc.        2003215299                   0815200325152996     Pret #101                              00000000000
D00000000320032152990543439000001000002230508152003200762013    0000000000000000000000000Audet FinancemeNoel Belley                   Audet Financement inc.        2003215299                   0815200325152996     Pret #106                              00000000000
D00000000420032152990543439000003145002230508152042002041028    0000000000000000000000000Audet FinancemeGaetan Tremblay               Audet Financement inc.        2003215299                   0815200325152996     Pret #14                               00000000000
D00000000520032152990543439000004171502230700061134101461902    0000000000000000000000000Audet Financemeyvon huot                     Audet Financement inc.        2003215299                   0815200325152996     Pret #125                              00000000000
D00000000620032152990543439000000440502230800061134100323409    0000000000000000000000000Audet FinancemeDoris Tremblay                Audet Financement inc.        2003215299                   0815200325152996     Pret #111                              00000000000
D00000000720032152990543439000001630602231200061134101656800    0000000000000000000000000Audet FinancemeMichel Bureau                 Audet Financement inc.        2003215299                   0815200325152996     Pret #123                              00000000000
D00000000820032152990543439000001170002231408152003200358127    0000000000000000000000000Audet FinancemeDanielle Tremblay             Audet Financement inc.        2003215299                   0815200325152996     Pret #114                              00000000000
D00000000920032152990543439000001624902231400061134101617104    0000000000000000000000000Audet FinancemeSandra Savard                 Audet Financement inc.        2003215299                   0815200325152996     Pret #12                               00000000000
D00000001020032152990543439000000500002231508152003200775593    0000000000000000000000000Audet FinancemeMonique Belley                Audet Financement inc.        2003215299                   0815200325152996     Pret #76                               00000000000
D00000001120032152990543439000000440502231500061134100323409    0000000000000000000000000Audet FinancemeDoris Tremblay                Audet Financement inc.        2003215299                   0815200325152996     Pret #111                              00000000000
D00000001220032152990543439000000887002231500061134101342008    0000000000000000000000000Audet FinancemeReal Simard                   Audet Financement inc.        2003215299                   0815200325152996     Pret #54                               00000000000
D00000001320032152990543439000001217602231508152003205160783    0000000000000000000000000Audet FinancemeLina Charest                  Audet Financement inc.        2003215299                   0815200325152996     Pret #119                              00000000000
D00000001420032152990543439000001276002231508152029702780450    0000000000000000000000000Audet FinancemeNadia Gagnon                  Audet Financement inc.        2003215299                   0815200325152996     Pret #122                              00000000000
D00000001520032152990543439000001975902231908152003205182084    0000000000000000000000000Audet FinancemeYvan Neron                    Audet Financement inc.        2003215299                   0815200325152996     Pret #121                              00000000000
D00000001620032152990543439000002939802231900061211101278406    0000000000000000000000000Audet FinancemeLine Gagnon                   Audet Financement inc.        2003215299                   0815200325152996     Pret #130                              00000000000
D0000000172003215299054343900000406970223190004404816441685     0000000000000000000000000Audet FinancemeKevin Gagnon                  Audet Financement inc.        2003215299                   0815200325152996     Pret #137                              00000000000
D00000001820032152990543439000002859102232000061134101439206    0000000000000000000000000Audet FinancemeNathalie Guay                 Audet Financement inc.        2003215299                   0815200325152996     Pret #133                              00000000000
D00000001920032152990543439000003313602232100061134100524900    0000000000000000000000000Audet FinancemeNathalie BraSSard             Audet Financement inc.        2003215299                   0815200325152996     Pret #112                              00000000000
D00000002020032152990543439000002321002232108152003205422779    0000000000000000000000000Audet FinancemeSylvie Guerin                 Audet Financement inc.        2003215299                   0815200325152996     Pret #135                              00000000000
D00000002120032152990543439000003398502232208152003200270900    0000000000000000000000000Audet FinancemeDany Tremblay                 Audet Financement inc.        2003215299                   0815200325152996     Pret #128                              00000000000
D00000002220032152990543439000000440502232200061134100323409    0000000000000000000000000Audet FinancemeDoris Tremblay                Audet Financement inc.        2003215299                   0815200325152996     Pret #111                              00000000000
D00000002320032152990543439000002543002232608152003205186689    0000000000000000000000000Audet FinancemeCARL ASSELIN                  Audet Financement inc.        2003215299                   0815200325152996     Pret #136                              00000000000
D00000002420032152990543439000001170002232808152003200358127    0000000000000000000000000Audet FinancemeDanielle Tremblay             Audet Financement inc.        2003215299                   0815200325152996     Pret #114                              00000000000
D00000002520032152990543439000001624902232800061134101617104    0000000000000000000000000Audet FinancemeSandra Savard                 Audet Financement inc.        2003215299                   0815200325152996     Pret #12                               00000000000
D00000002620032152990543439000000500002232908152003200775593    0000000000000000000000000Audet FinancemeMonique Belley                Audet Financement inc.        2003215299                   0815200325152996     Pret #76                               00000000000
D00000002720032152990543439000000440502232900061134100323409    0000000000000000000000000Audet FinancemeDoris Tremblay                Audet Financement inc.        2003215299                   0815200325152996     Pret #111                              00000000000
D00000002820032152990543439000001276002232908152029702780450    0000000000000000000000000Audet FinancemeNadia Gagnon                  Audet Financement inc.        2003215299                   0815200325152996     Pret #122                              00000000000
D00000002920032152990543439000001217602232908152003205160783    0000000000000000000000000Audet FinancemeLina Charest                  Audet Financement inc.        2003215299                   0815200325152996     Pret #119                              00000000000
D00000003020032152990543439000000887002232900061134101342008    0000000000000000000000000Audet FinancemeReal Simard                   Audet Financement inc.        2003215299                   0815200325152996     Pret #54                               00000000000
D0000000312003215299054343900000318900223340004404216174580     0000000000000000000000000Audet FinancemeChristian Collins             Audet Financement inc.        2003215299                   0815200325152996     Pret #127                              00000000000
D0000000322003215299054343900000230260223340004404216174580     0000000000000000000000000Audet FinancemeChristian Collins             Audet Financement inc.        2003215299                   0815200325152996     Pret #88                               00000000000
Z000000033200321529905430000000057885400000031000000000000000000000000000000000000000000000000000000000000000000